@BOOK{Ralph,
    editor = {Ralph Vince},
    title = {The Handbook of Portfolio Mathematics},
    year = {2007},
    isbn = {0-471-75768-3},
    publisher = {Wiley},
    edition = {2nd}
}
@ARTICLE{Kelly,
    author = {J. L. Kelly},
    title = {A New Interpretation of Information Rate},
    journal = {The Bell Systems Technical Journal},
    year = {1956}
}
@ARTICLE{Zachariah,
    author = {Zachariah Peterson},
    title = {Kelly's Criterion in Portfolio Optimization: A Decoupled Problem },
    journal = {arXiv, Cornell University},
    year = {2017}
}
@BOOK{BurtonMalkiel,
    editor = {Burton G. Malkiel},
    title = {A Random Walk Down Wall Street},
    year = {1973},
    isbn = {0-393-04781-4},
    publisher = {W. W. Norton \& Company},
    edition = {1999}
}
@ARTICLE{StornPrice,
    author = {Rainer Storn \& Kenneth Price},
    title = {Differential Evolution – A Simple and Efficient Heuristic for Global Optimization over Continuous Spaces},
    journal = {Journal of Global Optimization},
    year = {1997}
}
@BOOK{KinnearKenneth,
    editor = {Kinnear,Jr., Kenneth E.},
    title = {Advances in Genetic Programming},
    year = {1994},
    isbn = {0-262-11188-8},
    publisher = {MIT Press},
    address = {Cambridge, MA, USA}
}
@ARTICLE{DebPratapAgarwalMeyarivan,
    author = {Deb, K. and Pratap, A. and Agarwal, S. and Meyarivan, T.},
    title = {A Fast and Elitist Multiobjective Genetic Algorithm: NSGA-II},
    journal = {Trans. Evol. Comp},
    volume = {6},
    number = {2},
    year = {2002},
    issn = {1089-778X},
    acmid = {2221582},
    publisher = {IEEE Press},
    address = {Piscataway, NJ, USA},
}
@PHDTHESIS{Bethke,
    author = {Bethke, Albert Donally},
    title = {Genetic Algorithms As Function Optimizers},
    year = {1980},
    publisher = {University of Michigan},
    address = {Ann Arbor, MI, USA},
}
@BOOK{KalyanmoyDeb,
    editor = {Deb, Kalyanmoy},
    title = {Multi-Objective Optimization Using Evolutionary Algorithms},
    year = {2001},
    isbn = {047187339X},
    publisher = {John Wiley \& Sons, Inc.},
    address = {New York, NY, USA},
}
@BOOK{Holland,
    editor = {Holland, John H.},
    title = {Adaptation in Natural and Artificial Systems},
    year = {1992},
    isbn = {0-262-58111-6},
    publisher = {MIT Press},
    address = {Cambridge, MA, USA},
}
@BOOK{Mitchell,
    editor = {Mitchell, Melanie},
    title = {An  Introduction to Genetic Algorithms},
    year = {1998},
    isbn = {0262631857},
    publisher = {MIT Press},
    address = {Cambridge, MA, USA},
}
@ARTICLE{Markowitz,
    author = {Markowitz, Harry},
    title = {Portfolio Selection},
    journal = {The Journal of Finance},
    doi = {10.1111/j.1540-6261.1952.tb01525.x},
    year = {1952}
}
@MISC{BankOfE,
    author={Bank Of England},
    title={Official Bank Rate history},
    url={https://www.bankofengland.co.uk/boeapps/database/Bank-Rate.asp},
    year={2019}
}
@PHDTHESIS{DeJong,
    author = {De Jong, Kenneth Alan},
    title = {An Analysis of the Behavior of a Class of Genetic Adaptive Systems.},
    year = {1975},
    publisher = {University of Michigan},
    address = {Ann Arbor, MI, USA},
}
@ARTICLE{ValueAtRisk,
    author={Linsmeier, Thomas J. and Pearson, Neil D.},
    title={Risk measurement: an introduction to value at risk},
    year={1996},
    institution={University of Illinois at Urbana-Champaign, Department of Agricultural and Consumer Economics},
    number={14796}
}
@ARTICLE{Ghaoui,
    author = {Ghaoui, Laurent El and Oks, Maksim and Oustry, Francois},
    title = {Worst-Case Value-At-Risk and Robust Portfolio Optimization: A Conic Programming Approach},
    journal = {Oper. Res.},
    issue_date = {July 2003},
    volume = {51},
    number = {4},
    month = jul,
    year = {2003},
    issn = {0030-364X},
    publisher = {INFORMS},
    address = {Institute for Operations Research and the Management Sciences (INFORMS), Linthicum, Maryland, USA},
}
@ARTICLE{Robert,
    author = {Merton, Robert},
    year = {1972},
    month = {09},
    title = {An Analytic Derivation of the Efficient Portfolio Frontier},
    journal = {Journal of Financial and Quantitative Analysis},
    doi = {10.2307/2329621}
}
@ARTICLE{SidWard,
    ISSN = {00018678},
    author = {Sid Browne, Ward Whitt},
    journal = {Advances in Applied Probability},
    publisher = {Applied Probability Trust},
    title = {Portfolio Choice and the Bayesian Kelly Criterion},
    volume = {28},
    year = {1996}
}
@ARTICLE{HarrisMarlowJones,
    author = {Tim Harris and Simon Marlow and Simon Peyton Jones},
    title = {Haskell on a Shared-Memory Multiprocessor},
    booktitle = {Haskell '05: Proceedings of the 2005 ACM SIGPLAN workshop on Haskell},
    year = {2005},
    month = {September},
    url = {http://simonmar.github.io/bib/papers/multiproc.pdf},
    doi = {http://doi.acm.org/10.1145/1088348.1088354},
    isbn = {1-59593-071-X},
    location = {Tallinn, Estonia},
    publisher = {ACM Press}
}
@INPROCEEDINGS{Chakravarty,
    author = {Chakravarty, Manuel M. T. and Leshchinskiy, Roman and Peyton Jones, Simon and Keller, Gabriele and Marlow, Simon},
    title = {Data Parallel Haskell: A Status Report},
    booktitle = {Proceedings of the 2007 Workshop on Declarative Aspects of Multicore Programming},
    year = {2007},
    isbn = {978-1-59593-690-5},
    location = {Nice, France},
    url = {http://doi.acm.org/10.1145/1248648.1248652},
    doi = {10.1145/1248648.1248652},
    acmid = {1248652},
    publisher = {ACM},
    address = {New York, NY, USA},
}
@MISC{Moo,
    author = {Sergey Astanin},
    url = {http://hackage.haskell.org/package/moo},
    title = {Moo: An Open Source Genetic Algorithm Library},
    year = {2019}
}
@Book{Kaisa,
    Title = {Nonlinear Multiobjective Optimization},
    Author = {Miettinen Kaisa},
    Publisher = {Kluwer Academic Publishers},
    Year = {1999},
    Address = {Boston, USA},
    Series = {International Series in Operations Research \& Management Science},
    Volume = {12}
}
@MISC{Dataset,
    author = {Intrinio},
    url = {https://intrinio.com/ Or https://git-teaching.cs.bham.ac.uk/mod-ug-proj-2018/axl626/tree/master/Application/Data},
    title = {Price data from 28 large cap stocks},
    year = {2018}
}
@ARTICLE{KaisaMarko
    author={Kaisa Miettinen, Marko M. Makela},
    title={On Scalarizing Functions in Multi-Objective Optimization},
    Year={2001},
    ISSN={0171-6468},
    Publisher={Springer-Verlag}
}

@INPROCEEDINGS{Moffaert,
    author={K. {Van Moffaert}, M. M. {Drugan}, A. {Nowé}},
    booktitle={2013 IEEE Symposium on Adaptive Dynamic Programming and Reinforcement Learning (ADPRL)},
    title={Scalarized multi-objective reinforcement learning: Novel design techniques},
    year={2013},
    doi={10.1109/ADPRL.2013.6615007},
    ISSN={2325-1824},
    month={April}
}
@ARTICLE{Buchanan,
    author={J T Buchanan},
    title={A naïve approach for solving MCDM problems: the GUESS method},
    year={1997},
    ISSN={0160-5682},
    publisher={Palgrave Macmillan UK}
}
@ARTICLE{Indraneel,
    author = {Indraneel Das, Dennis, J},
    year = {2000},
    month = {07},
    title = {Normal-Boundary Intersection: A New Method for Generating the Pareto Surface in Nonlinear Multicriteria Optimization Problems},
    journal = {SIAM Journal on Optimization},
    doi = {10.1137/S1052623496307510}
}
@ARTICLE{Messac,
    author = {A Messac, A Ismail-Yahaya, C.A. Mattson},
    year = {2003},
    title = {The normalized normal constraint method for generating the Pareto frontier},
    volume = {25},
    journal = {Structural and Multidisciplinary Optimization},
    doi = {10.1007/s00158-002-0276-1}
}
@ARTICLE{Tohid,
    author = {Tohid Erfani, Sergei V. Utyuzhnikov},
    title = {Directed search domain: a method for even generation of the Pareto frontier in multiobjective optimization},
    journal = {Engineering Optimization},
    year  = {2011},
    publisher = {Taylor & Francis},
    doi = {10.1080/0305215X.2010.497185}
}