@ARTICLE{Alon,
    author = "Alon Bochman",
    title = "The Kelly Criterion: You Donâ€™t Know the Half of It",
    month = "June",
    year = "2018",
    journal = "Link: https://blogs.cfainstitute.org/investor/2018/06/14/the-kelly-criterion-you-dont-know-the-half-of-it/",
    note = "Accessed: 2018 December"
}