@ARTICLE{Alon,
    author = {Alon Bochman},
    title = {The Kelly Criterion: You Don’t Know the Half of It},
    month = {June},
    year = {2018},
    journal = {Link: https://blogs.cfainstitute.org/investor/2018/06/14/the-kelly-criterion-you-dont-know-the-half-of-it/},
    note = {Accessed: 2018 December}
}
@BOOK{Ralph,
    editor = {Ralph Vince},
    title = {The Handbook of Portfolio Mathematics},
    year = {2007},
    isbn = {0-471-75768-3},
    publisher = {Wiley},
    edition = {2nd}
}
@ARTICLE{Kelly,
    author = {J. L. Kelly},
    title = {A New Interpretation of Information Rate},
    journal = {The Bell Systems Technical Journal},
    year = {1956}
}
@ARTICLE{Zachariah,
    author = {Zachariah Peterson},
    title = {Kelly's Criterion in Portfolio Optimization: A Decoupled Problem },
    journal = {arXiv, Cornell University},
    year = {2017}
}
@BOOK{BurtonMalkiel,
    editor = {Burton G. Malkiel},
    title = {A Random Walk Down Wall Street},
    year = {1973},
    isbn = {0-393-04781-4},
    publisher = {W. W. Norton \& Company},
    edition = {1999}
}
@ARTICLE{StornPrice,
    author = {Rainer Storn \& Kenneth Price},
    title = {Differential Evolution – A Simple and Efficient Heuristic for Global Optimization over Continuous Spaces},
    journal = {Journal of Global Optimization},
    year = {1997}
}
@BOOK{KinnearKenneth,
    editor = {Kinnear,Jr., Kenneth E.},
    title = {Advances in Genetic Programming},
    year = {1994},
    isbn = {0-262-11188-8},
    publisher = {MIT Press},
    address = {Cambridge, MA, USA}
}
@ARTICLE{DebPratapAgarwalMeyarivan,
    author = {Deb, K. and Pratap, A. and Agarwal, S. and Meyarivan, T.},
    title = {A Fast and Elitist Multiobjective Genetic Algorithm: NSGA-II},
    journal = {Trans. Evol. Comp},
    issue_date = {April 2002},
    volume = {6},
    number = {2},
    month = apr,
    year = {2002},
    issn = {1089-778X},]
    url = {http://dx.doi.org/10.1109/4235.996017},
    doi = {10.1109/4235.996017},
    acmid = {2221582},
    publisher = {IEEE Press},
    address = {Piscataway, NJ, USA},
}
@PHDTHESIS{Bethke,
    author = {Bethke, Albert Donally},
    title = {Genetic Algorithms As Function Optimizers},
    year = {1980},
    note = {AAI8106101},
    publisher = {University of Michigan},
    address = {Ann Arbor, MI, USA},
}
@BOOK{KalyanmoyDeb,
    author = {Deb, Kalyanmoy},
    title = {Multi-Objective Optimization Using Evolutionary Algorithms},
    year = {2001},
    isbn = {047187339X},
    publisher = {John Wiley \& Sons, Inc.},
    address = {New York, NY, USA},
}
@BOOK{Holland,
    author = {Holland, John H.},
    title = {Adaptation in Natural and Artificial Systems},
    year = {1992},
    isbn = {0-262-58111-6},
    publisher = {MIT Press},
    address = {Cambridge, MA, USA},
}
@BOOK{Mitchell,
    author = {Mitchell, Melanie},
    title = {An  Introduction to Genetic Algorithms},
    year = {1998},
    isbn = {0262631857},
    publisher = {MIT Press},
    address = {Cambridge, MA, USA},
}
@ARTICLE{Markowitz,
    author = {Markowitz, Harry},
    title = {Portfolio Selection},
    journal = {The Journal of Finance},
    doi = {10.1111/j.1540-6261.1952.tb01525.x},
    year = {1952}
}
@ARTICLE{Bachmann,
    author = {Bachmann, Paul},
    title = {Analytische Zahlentheorie},
    year = {1894},
    journal = {Leipzig: Teubner},
}
@misc{BankOfE,
    author={Bank Of England},
    title={Official Bank Rate history},
    url={https://www.bankofengland.co.uk/boeapps/database/Bank-Rate.asp},
    year={2019}
}